% inproceedings{worku2020exploring,
%   author = {Worku, Zena and Bipat, Taryn and McDonald, David W. and Zachry, Mark},
%   title = {\href{https://scholar.google.com/scholar?q=Exploring+Systematic+Bias+Article+Deletions+Wikipedia}{Exploring Systematic Bias through Article Deletions on Wikipedia from a Behavioral Perspective}},
%   booktitle = {Proceedings of the 16th International Symposium on Open Collaboration},
%   year = {2020},
%   publisher = {Association for Computing Machinery}
% }

% Foundational book on Wikipedia governance
% @book{reagle2010good,
%   author = {Reagle, Joseph Michael},
%   title = {\href{https://scholar.google.com/scholar?q=Good+Faith+Collaboration+Culture+Wikipedia}{Good Faith Collaboration: The Culture of Wikipedia}},
%   publisher = {MIT Press},
%   year = {2010}
% }
@inproceedings{SentimentAnalysis,
  title = {\href{https://www.annualreviews.org/content/journals/10.1146/annurev-linguistics-011415-040518}{Sentiment Analysis: An Overview from Linguistics}},
  year = {2015},
}



% Add your references below using BibTeX format
% Get entries from Google Scholar: click "Cite" -> "BibTeX"